
%% Created for ivisser at 2008-11-10 17:39:46 +0100 


%% Saved with string encoding Unicode (UTF-8) 



@inbook{Visser2009,
	Author = {Ingmar Visser and Maartje E. J. Raijmakers and {Han L. J. van der} Maas},
	Date-Added = {2008-11-10 17:28:47 +0100},
	Date-Modified = {2008-11-10 17:30:40 +0100},
	Editor = {Jaan Valsiner and {Peter C. M.} Molenaar},
	Publisher = {Springer},
	Title = {Hidden Markov Models for Individual Time Series},
	Year = {In Press}}

@article{Siegler1981,
	Author = {R. S. Siegler},
	Date-Added = {2008-11-10 17:26:47 +0100},
	Date-Modified = {2008-11-10 17:28:17 +0100},
	Journal = {Monographs of the Society for Research in Child Development},
	Number = {2},
	Title = {Developmental sequences within and between concepts},
	Volume = {46},
	Year = {1981}}

@article{Knowlton1994,
	Author = {B. J. Knowlton and L. R. Squire and M. A. Gluck},
	Date-Added = {2008-11-10 17:25:31 +0100},
	Date-Modified = {2008-11-10 17:26:38 +0100},
	Journal = {Learning \& Memory},
	Pages = {106-120},
	Title = {Probabilistic classification learning in amnesia},
	Volume = {1},
	Year = {1994}}

@article{Huizenga2007b,
	Author = {H. M. Huizenga and E. A. Crone and B. R. J. Jansen},
	Date-Added = {2008-11-10 17:16:25 +0100},
	Date-Modified = {2008-11-10 17:17:57 +0100},
	Journal = {Developmental Science},
	Number = {6},
	Pages = {814-825},
	Title = {Decision-making in healthy children, adolescents and adults explained by the use of increasingly complex proportional reasoning rules},
	Volume = {10},
	Year = {2007}}

@article{Gluck2002,
	Author = {M. A. Gluck and D. Shohamy and C. Myers},
	Date-Added = {2008-11-10 17:13:42 +0100},
	Date-Modified = {2008-11-10 17:15:23 +0100},
	Journal = {Learning \& Memory},
	Pages = {408-418},
	Title = {How do people solve the weather prediction task?: Individual variability in strategies for probabilistic category learning},
	Volume = {9},
	Year = {2002}}

@article{Dunn2006,
	Author = {B. D. Dunn and T. Dalgleish and A. D. Lawrence},
	Date-Added = {2008-11-10 17:12:17 +0100},
	Date-Modified = {2008-11-10 17:13:32 +0100},
	Journal = {Neuroscience and Biobehavioral Reviews},
	Number = {2},
	Pages = {239-271},
	Title = {The somatic marker hypothesis: A critical evaluation},
	Volume = {30},
	Year = {2006}}

@article{Crone2004,
	Author = {E. A. Crone and M. W. van der Molen},
	Date-Added = {2008-11-10 17:10:39 +0100},
	Date-Modified = {2008-11-10 17:11:59 +0100},
	Journal = {Developmental Neuropsychology},
	Number = {3},
	Pages = {251-279},
	Title = {Developmental changes in real life decision making: Performance on a gambling task previously shown to depend on the ventromedial prefrontal cortex},
	Volume = {25},
	Year = {2004}}

@book{Chambers1998,
	Address = {New York},
	Author = {J. M. Chambers},
	Date-Added = {2008-11-10 17:09:01 +0100},
	Date-Modified = {2008-11-10 17:10:09 +0100},
	Publisher = {Springer-Verlag},
	Title = {Programming with Data: A Guide to the S Language},
	Year = {1998}}

@article{Bechara1994,
	Author = {A. Bechara and A. R. Damasio and H. Damasio and S.W. Anderson},
	Date-Added = {2008-11-10 17:07:20 +0100},
	Date-Modified = {2008-11-10 17:08:40 +0100},
	Journal = {Cognition},
	Number = {1},
	Pages = {7-15},
	Title = {Insensitivity to future consequences following damage to human prefrontal cortex},
	Volume = {50},
	Year = {1994}}
