
%% Created for ivisser at 2008-12-05 13:10:46 +0100 


%% Saved with string encoding Unicode (UTF-8) 



@incollection{Visser2009c,
	Address = {New York},
	Author = {Ingmar Visser and Maartje E. J. Raijmakers and Han L. J. {Van der Maas}},
	Booktitle = {Dynamic Process Methodology in the Social and Developmental Sciences},
	Chapter = {13},
	Date-Added = {2008-12-05 13:07:06 +0100},
	Date-Modified = {2008-12-05 13:10:12 +0100},
	Editor = {Jaan Valsiner and Peter C. M. Molenaar and Maria C. D. P. Lyra and Nandita Chaudhary},
	Publisher = {Springer},
	Title = {Hidden Markov Models for Individual Time Series},
	Year = {2009}}

@incollection{Visser2009b,
	Author = {Ingmar Visser},
	Booktitle = {The Cambridge Encyclopedia of Language Sciences},
	Date-Added = {2008-08-12 15:31:35 +0200},
	Date-Modified = {2008-12-05 12:47:12 +0100},
	Editor = {Patrick Colm Hogan},
	Publisher = {Cambridge University Press},
	Title = {Methodological Solipsism},
	Year = {In press}}

@article{Borsboom2008,
	Author = {Denny Borsboom and Ingmar Visser},
	Date-Added = {2008-08-12 15:12:29 +0200},
	Date-Modified = {2008-08-12 15:13:35 +0200},
	Journal = {Behavioral and Brain Sciences},
	Number = {x},
	Pages = {xx-xx},
	Title = {Semantic cognition or datamining?},
	Volume = {xx},
	Year = {In press}}

@manual{Visser2008a,
	Author = {Ingmar Visser and Maarten Speekenbrink},
	Date-Added = {2008-08-04 15:54:31 +0200},
	Date-Modified = {2008-12-05 12:48:50 +0100},
	Note = {R package version 0.2-0, available from CRAN},
	Title = {{depmixS4: S4 Classes for Hidden Markov Models}},
	Url = {http://cran.r-project.org},
	Year = {2008},
	Bdsk-Url-1 = {http://arumat.net/Rdonlp2/}}

@manual{Visser2008b,
	Author = {Ingmar Visser},
	Date-Added = {2008-08-04 15:52:25 +0200},
	Date-Modified = {2008-12-05 12:49:03 +0100},
	Note = {R package version 0.9.4, available from CRAN: http://cran.r-project.org},
	Title = {depmix: {A}n {R}-package for fitting mixtures of latent {M}arkov models on mixed data with covariates},
	Year = {2008}}

@article{Visser2009a,
	Author = {Ingmar Visser and Maartje E. J. Raijmakers and Emmanuel M. Pothos},
	Date-Added = {2008-04-11 10:53:24 +0200},
	Date-Modified = {2008-12-05 12:46:28 +0100},
	Journal = {American Journal of Psychology},
	Title = {Individual Strategies in Artificial Grammar Learning},
	Year = {in press}}

@manual{Visser2005a,
	Author = {Ingmar Visser},
	Date-Added = {2008-03-21 15:25:59 +0100},
	Date-Modified = {2008-03-21 15:25:59 +0100},
	Journal = {Available from www.r-project.org},
	Title = {depmix 0.9: {A}n {R}-package for fitting mixtures of latent {M}arkov models on mixed data with covariates},
	Year = 2005}

@article{Visser2007c,
	Author = {Ingmar Visser},
	Date-Added = {2007-11-14 15:01:19 +0100},
	Date-Modified = {2007-11-14 15:10:55 +0100},
	Journal = {Kwantitatieve Methoden},
	Title = {Review of Rissanen: Information and Complexity in Statistical Modeling},
	Volume = {In press},
	Year = {2007}}

@inproceedings{Jansen2006,
	Address = {Mahwah (NJ)},
	Author = {Brenda R. J. Jansen and Maartje E. J. Raijmakers and Ingmar Visser},
	Booktitle = {Proceedings of {T}he 28th {A}nnual {C}onference of the {C}ognitive {S}cience {S}ociety},
	Date-Added = {2007-11-14 14:57:08 +0100},
	Date-Modified = {2007-11-14 14:58:11 +0100},
	Editor = {Ron Sun},
	Pages = {2517},
	Publisher = {Lawrence Erlbaum Associates},
	Title = {Learning on the Balance Scale Task},
	Year = 2006}

@article{Jansen2007,
	Author = {Brenda R. J. Jansen and Maartje E. J. Raijmakers and Ingmar Visser},
	Date-Added = {2006-09-06 15:59:18 +0200},
	Date-Modified = {2007-11-14 14:54:45 +0100},
	Journal = {Synthese},
	Number = {2},
	Pages = {211-236},
	Title = {RULE TRANSITION ON THE BALANCE SCALE TASK: A CASE STUDY IN BELIEF CHANGE},
	Volume = {155},
	Year = {2007}}

@article{Visser2007b,
	Author = {Ingmar Visser and Maartje E. J. Raijmakers and Peter C. M. Molenaar},
	Date-Modified = {2007-11-14 15:11:29 +0100},
	Journal = {Memory \& Cognition},
	Number = {6},
	Pages = {1502-1517},
	Title = {Characterizing Sequence Knowledge Using Online Measures and Hidden Markov Models},
	Volume = {35},
	Year = {2007}}

@incollection{Visser2007a,
	Author = {Ingmar Visser and Verena D. Schmittmann and Maartje E. J. Raijmakers},
	Chapter = {14},
	Crossref = {Montfort2007},
	Date-Modified = {2007-01-26 13:28:46 +0100},
	Pages = {337--365},
	Title = {Markov process models for discrimination learning},
	Year = {2007}}

@book{Montfort2007,
	Address = {Mahwah (NJ)},
	Author = {Kees van Montfort and Han Oud and Albert Satorra},
	Booktitle = {Longitudinal models in the behavioral and related sciences},
	Date-Modified = {2007-01-26 13:26:15 +0100},
	Editor = {Kees van Montfort and Han Oud and Albert Satorra},
	Publisher = {Lawrence Erlbaum Associates},
	Title = {Longitudinal models in the behavioral and related sciences},
	Year = 2007}

@article{Schmittmann2006,
	Author = {Verena D. Schmittmann and Ingmar Visser and Maartje E. J. Raijmakers},
	Journal = {Neuropsychologia},
	Number = 11,
	Pages = {2079--2091},
	Title = {Multiple learning modes in the development of rule-based category-learning task performance},
	Volume = 44,
	Year = 2006}

@inproceedings{Visser2006a,
	Address = {Mahwah (NJ)},
	Author = {Ingmar Visser and Ton Blaazer},
	Booktitle = {Proceedings of {T}he 28th {A}nnual {C}onference of the {C}ognitive {S}cience {S}ociety},
	Date-Modified = {2007-01-12 12:31:42 +0100},
	Editor = {Ron Sun},
	Pages = {2317--2322},
	Publisher = {Lawrence Erlbaum Associates},
	Title = {Estimating Correlations and Reliabilities of Implicit and Explicit Tests Using a Latent Variable Approach},
	Year = 2006}

@article{Maas2005,
	Author = {Han L. J. van der Maas and Maartje E. J. Raijmakers and Ingmar Visser},
	Journal = {Behavior Research Methods},
	Number = 2,
	Pages = {340--352},
	Title = {Inferring the structure of latent class models using a genetic algorithm},
	Volume = 37,
	Year = 2005}

@article{Visser2002,
	Author = {Ingmar Visser and Maartje E. J. Raijmakers and Peter C. M. Molenaar},
	Journal = {Scientific Programming},
	Number = 3,
	Pages = {185--199},
	Title = {Fitting hidden Markov models to psychological data},
	Volume = {10},
	Year = 2002}

@inproceedings{Visser2001,
	Author = {Ingmar Visser and Maartje E. J. Raijmakers and Peter C. M. Molenaar},
	Booktitle = {Connectionist models of Learning, Development and Evolution. The 6th Neural Computation and Psychology Workshop (NCPW6)},
	Editor = {Robert M. French and Jacques P. Sougn\'{e}},
	Pages = {197--206},
	Publisher = {Springer-Verlag},
	Title = {Hidden {M}arkov model interpretations of neural networks},
	Year = {2001}}

@article{Visser2000b,
	Author = {Ingmar Visser},
	Date-Modified = {2006-08-28 15:12:21 +0200},
	Journal = {Behavioral and Brain Sciences},
	Keywords = {hidden markov model},
	Note = {Commentary on {\em Connectionist modelling in psychology: {A} localist manifesto}, by Mike Page},
	Number = 4,
	Pages = {494--495},
	Title = {Hidden {M}arkov model interpretations of neural networks},
	Volume = {23},
	Year = {2000}}

@inproceedings{Visser2000a,
	Address = {Mahwah (NJ)},
	Author = {Ingmar Visser and Maartje E. J. Raijmakers and Peter C. M. Molenaar},
	Booktitle = {Proceedings of the twenty-second annual conference of the {C}ognitive {S}cience {S}ociety},
	Editor = {Lila A. Gleitman and Aravind K. Joshi},
	Pages = {971--976},
	Publisher = {Lawrence Erlbaum Associates},
	Title = {Reaction times and predictions in sequence learning: {A} comparison},
	Year = 2000}

@article{Visser2000c,
	Author = {Ingmar Visser and Maartje E. J. Raijmakers and Peter C. M. Molenaar},
	Journal = {British journal of mathematical and statistical psychology},
	Pages = {317--327},
	Title = {Confidence intervals for hidden {M}arkov model parameters},
	Volume = {53},
	Year = {2000}}

@techreport{Visser1999a,
	Author = {Ingmar Visser and Maartje E. J. Raijmakers and Peter C. M. Molenaar},
	Institution = {University of Amsterdam: Department of Psychology, Developmental Psychology},
	Number = {99--01},
	Title = {Confidence intervals for hidden {M}arkov model parameters},
	Year = 1999}

@techreport{Visser1999b,
	Author = {Ingmar Visser and Maartje E. J. Raijmakers and Peter C. M. Molenaar},
	Institution = {University of Amsterdam: Department of Psychology, Developmental Psychology},
	Number = {99--02},
	Title = {Predictions and reaction times in implicit sequence learning},
	Year = 1999}

@inproceedings{Visser1998,
	Author = {Ingmar Visser and Maartje E. J. Raijmakers and Peter C. M. Molenaar},
	Booktitle = {Proceedings of the International Workshop on Advanced Black-Box Techniques for Nonlinear Modeling},
	Pages = {47--50},
	Publisher = {Leuven: Katholieke Universiteit Leuven},
	Title = {Statistical properties of hidden {M}arkov models},
	Year = 1998}

@techreport{Visser1996,
	Author = {Ingmar Visser},
	Institution = {Amsterdam: Institute for Logic, Language and Computation},
	Number = {X--96--01},
	Title = {Mind Rules: a philosophical essay on psychological rules and the the rules of psychology},
	Year = 1996}
