%% This BibTeX bibliography file was created using BibDesk.
%% http://bibdesk.sourceforge.net/


%% Created for ingmar at 2010-07-01 22:26:08 +0200 


%% Saved with string encoding Unicode (UTF-8) 



@book{Zucchini2009,
	Address = {Boca Raton},
	Author = {Walter Zucchini and Iain MacDonald},
	Date-Added = {2010-06-30 14:53:53 +0200},
	Date-Modified = {2010-07-01 22:25:54 +0200},
	Number = {110},
	Publisher = {CRC Press},
	Series = {Monographs on statistics and applied probability},
	Title = {Hidden Markov Models for Time Series: An Introduction Using \proglang{R}},
	Year = {2009}}

@manual{Ghalanos2010,
	Author = {Alexios Ghalanos and Stefan Theussl},
	Date-Added = {2010-06-30 14:45:04 +0200},
	Date-Modified = {2010-06-30 14:45:31 +0200},
	Note = {R package version 1.0-2},
	Title = {Rsolnp: General Non-linear Optimization Using Augmented Lagrange Multiplier Method},
	Url = {https://r-forge.r-project.org/projects/rino/},
	Year = {2010},
	Bdsk-Url-1 = {https://r-forge.r-project.org/projects/rino/}}

@manual{R2010,
	Address = {Vienna, Austria},
	Author = {{\proglang{R} Development Core Team}},
	Date-Added = {2010-06-30 14:42:17 +0200},
	Date-Modified = {2010-07-01 14:06:14 +0200},
	Note = {{ISBN} 3-900051-07-0},
	Organization = {R Foundation for Statistical Computing},
	Title = {\proglang{R}: A Language and Environment for Statistical Computing},
	Url = {http://www.R-project.org},
	Year = {2010},
	Bdsk-Url-1 = {http://www.R-project.org}}

@book{Salzberg1998,
	Address = {Amsterdam},
	Booktitle = {Computational methods in molecular biology},
	Date-Added = {2010-03-10 16:58:42 +0100},
	Date-Modified = {2010-06-30 16:34:58 +0200},
	Editor = {S. L. Salzberg and D. B. Searls and S. Kasif},
	Publisher = {Elsevier},
	Title = {Computational Methods in Molecular Biology},
	Year = 1998}

@phdthesis{Ye1987,
	Author = {Yinyu Ye},
	School = {Department of {ESS}, Stanford University},
	Title = {Interior Algorithms for Linear, Quadratic, and Linearly Constrained Non-Linear Programming},
	Year = {1987}}

@book{Wickens1982,
	Address = {San Francisco},
	Author = {Thomas D. Wickens},
	Date-Added = {2010-03-05 15:47:54 +0100},
	Date-Modified = {2010-06-30 16:36:50 +0200},
	Publisher = {W. H. Freeman and Company},
	Title = {Models for Behavior: Stochastic Processes in Psychology},
	Year = 1982}

@manual{Vermunt2003,
	Address = {Belmont (MA), USA},
	Author = {Jeroen K. Vermunt and Jay Magidson},
	Date-Added = {2010-03-05 15:47:41 +0100},
	Date-Modified = {2010-03-05 15:47:41 +0100},
	Publisher = {Statistical Innovations Inc.},
	Title = {Latent Gold 3.0 [Computer program and User's Guide]},
	Year = 2003}

@book{Venables2002,
	Address = {New York},
	Author = {W. N. Venables and B. D. Ripley},
	Date-Added = {2010-03-05 15:47:22 +0100},
	Date-Modified = {2010-03-05 15:47:22 +0100},
	Edition = {Fourth},
	Note = {ISBN 0-387-95457-0},
	Publisher = {Springer},
	Title = {Modern Applied Statistics with S},
	Url = {http://www.stats.ox.ac.uk/pub/MASS4},
	Year = {2002},
	Bdsk-Url-1 = {http://www.stats.ox.ac.uk/pub/MASS4}}

@article{Maas1992,
	Author = {Han L. J. {Van der Maas} and {Peter C. M.} Molenaar},
	Date-Added = {2010-03-05 15:47:10 +0100},
	Date-Modified = {2010-03-05 15:47:10 +0100},
	Journal = {Psychological Review},
	Pages = {395-417},
	Title = {Stagewise Cognitive Development: An Application of Catastrophe Theory},
	Volume = {99},
	Year = {1992}}

@manual{Pol1996,
	Address = {Voorburg: The Netherlands},
	Author = {Frank {Van de Pol} and Rolf Langeheine and W. De Jong},
	Date-Added = {2010-03-05 15:46:41 +0100},
	Date-Modified = {2010-06-30 16:33:16 +0200},
	Publisher = {Statistics Netherlands},
	Title = {PANMARK 3. Panel Analysis Using {M}arkov Chains. A Latent Class Analysis Program [User manual].},
	Year = 1996}

@article{Titman2008,
	Author = {Andrew C. Titman and Linda D. Sharples},
	Date-Added = {2010-03-05 15:46:23 +0100},
	Date-Modified = {2010-07-01 22:25:26 +0200},
	Journal = {Statistics in Medicine},
	Pages = {2177--2195},
	Title = {A General Goodness-of-fit Test for Markov and Hidden Markov Models},
	Volume = {27},
	Year = {2008}}

@manual{Tamura2009,
	Author = {Ryuichi Tamura},
	Date-Added = {2010-03-05 15:46:10 +0100},
	Date-Modified = {2010-07-01 22:24:46 +0200},
	Note = {\proglang{R} package version 0.4},
	Title = {\pkg{Rdonlp2}: An \proglang{R} Extension Library to Use {Peter Spelluci's DONLP2} from \proglang{R}.},
	Url = {http://arumat.net/Rdonlp2/},
	Year = {2009},
	Bdsk-Url-1 = {http://arumat.net/Rdonlp2/}}

@manual{Stasinopoulos2009a,
	Author = {Mikis Stasinopoulos and Bob Rigby},
	Date-Added = {2010-03-05 15:45:52 +0100},
	Date-Modified = {2010-07-01 14:04:00 +0200},
	Note = {\proglang{R} package version 2.0-0, with contributions from Calliope Akantziliotou.},
	Title = {{\pkg{gamlss}: Generalized Additive Models for Location Scale and Shape}},
	Url = {http://CRAN.R-project.org/package=gamlss},
	Year = {2009},
	Bdsk-Url-1 = {http://CRAN.R-project.org/package=gamlss}}

@article{Rigby2005,
	Author = {R. A. Rigby and D. M. Stasinopoulos},
	Journal = {Applied Statistics},
	Pages = {507--554},
	Part = {3},
	Title = {Generalized Additive Models for Location, Scale and Shape, (with discussion)},
	Volume = {54},
	Year = {2005}}

@article{Stasinopoulos2007,
	Author = {Mikis Stasinopoulos and Bob Rigby},
	Journal = {Journal of Statistical Software},
	Number = 7,
	Title = {Generalized Additive Models for Location Scale and Shape (GAMLSS) in \proglang{R}},
	Url = {http://www.jstatsoft.org/v23/i07},
	Volume = 23,
	Year = 2007,
	Bdsk-Url-1 = {http://www.jstatsoft.org/v23/i07}}

@manual{Stasinopoulos2009b,
	Author = {Mikis Stasinopoulos and Bob Rigby with contributions from Calliope Akantziliotou and Gillian Heller and Raydonal Ospina and Nicoletta Motpan},
	Note = {\proglang{R} package version 4.0-0},
	Title = {\pkg{gamlss.dist}: Distributions to be Used for GAMLSS Modelling},
	Url = {http://CRAN.R-project.org/package=gamlss.dist},
	Year = {2010},
	Bdsk-Url-1 = {http://CRAN.R-project.org/package=gamlss.dist}}

@manual{Spellucci2002,
	Author = {Peter Spellucci},
	Date-Added = {2010-03-05 15:45:15 +0100},
	Date-Modified = {2010-03-05 15:45:23 +0100},
	Keywords = {optimization},
	Title = {DONLP2},
	Url = {http://www.netlib.org/ampl/solvers/donlp2/},
	Year = {2002},
	Bdsk-Url-1 = {http://www.netlib.org/ampl/solvers/donlp2/}}

@book{Siegler1981,
	Author = {Robert S. Siegler},
	Date-Added = {2010-03-05 15:44:59 +0100},
	Date-Modified = {2010-06-30 16:35:42 +0200},
	Number = {46},
	Publisher = {SRCD},
	Series = {Monographs of the Society for Research in Child Development},
	Title = {Developmental Sequences Within and Between Concepts},
	Year = {1981}}

@article{Ratcliff1978,
	Author = {Roger Ratcliff},
	Date-Added = {2010-03-05 15:44:46 +0100},
	Date-Modified = {2010-06-30 16:34:44 +0200},
	Journal = {Psychological Review},
	Pages = {59-108},
	Title = {A Theory of Memory Retrieval},
	Volume = {85},
	Year = {1978}}

@article{Rainer2000,
	Author = {Gregor Rainer and Earl K. Miller},
	Date-Added = {2010-03-05 15:44:29 +0100},
	Date-Modified = {2010-06-30 16:34:29 +0200},
	Journal = {Neurocomputing},
	Pages = {961--966},
	Title = {Neural Ensemble States in Prefrontal Cortex Identified Using a Hidden {M}arkov Model with a Modified EM Algorithm},
	Volume = {32--33},
	Year = 2000}

@article{Lystig2002,
	Author = {Theodore C. Lystig and James P. Hughes},
	Date-Added = {2010-03-05 15:43:58 +0100},
	Date-Modified = {2010-06-30 16:32:48 +0200},
	Journal = {Journal of Computational and Graphical Statistics},
	Summary = {Authors introduce an interpretation of the forward variables in terms of conditional probabilities and a new scaling regime that allows exact computation of the score function and the observed information matrix.},
	Title = {Exact Computation of the Observed Information Matrix for Hidden Markov Models},
	Year = {2002}}

@article{Leroux1992,
	Author = {B. G. Leroux and M. L. Puterman},
	Date-Added = {2010-03-05 15:43:46 +0100},
	Date-Modified = {2010-03-05 15:43:46 +0100},
	Journal = {Biometrics},
	Pages = {545-548},
	Title = {Maximum-Penalized-Likelihood Estimation for Independent and {M}arkov-Dependent Mixture Models},
	Volume = {48},
	Year = {1992}}

@article{Leisch2004,
	Author = {Friedrich Leisch},
	Date-Added = {2010-03-05 15:43:34 +0100},
	Date-Modified = {2010-07-01 22:24:25 +0200},
	Journal = {Journal of Statistical Software},
	Number = {8},
	Pages = {1-18},
	Title = {\pkg{FlexMix}: A General Framework for Finite Mixture Models and Latent Class Regression in \proglang{R}},
	Url = {http://www.jstatsoft.org/v11/i08/},
	Volume = {11},
	Year = {2004},
	Bdsk-Url-1 = {http://www.jstatsoft.org/v11/i08/}}

@incollection{Krogh1998,
	Address = {Amsterdam},
	Author = {Anders Krogh},
	Booktitle = {Computational methods in molecular biology},
	Chapter = 4,
	Date-Added = {2010-03-05 15:43:21 +0100},
	Date-Modified = {2010-06-30 16:31:57 +0200},
	Editor = {S. L. Salzberg and D. B. Searls and S. Kasif},
	Keywords = {hidden markov model, application},
	Pages = {45--63},
	Publisher = {Elsevier},
	Title = {An Introduction to Hidden {M}arkov Models for Biological Sequences},
	Year = {1998}}

@article{Kim1994,
	Author = {Chang-Jin Kim},
	Date-Added = {2010-03-05 15:43:13 +0100},
	Date-Modified = {2010-06-30 16:31:31 +0200},
	Journal = {Journal of Econometrics},
	Keywords = {markov models},
	Pages = {1--22},
	Title = {Dynamic Linear Models with {M}arkov-switching},
	Volume = {60},
	Year = 1994}

@article{Jansen2002,
	Author = {Brenda R. J. Jansen and Han L. J. van der Maas},
	Date-Added = {2010-03-05 15:43:02 +0100},
	Date-Modified = {2010-06-30 16:31:21 +0200},
	Journal = {Journal of Experimental Child Psychology},
	Keywords = {balance scale},
	Number = {4},
	Pages = {383-416},
	Title = {The Development of Children's Rule Use on the Balance Scale Task},
	Volume = {81},
	Year = {2002}}

@article{Ghysels1994,
	Author = {Eric Ghysels},
	Date-Added = {2010-03-05 15:42:51 +0100},
	Date-Modified = {2010-03-05 15:42:51 +0100},
	Journal = {Journal of Business and Economic Statistics},
	Keywords = {hidden markov model, application},
	Number = 3,
	Pages = {289--298},
	Title = {On the Periodic Structure of the Business Cycle},
	Volume = {12},
	Year = 1994}

@book{Fruhwirth2006,
	Author = {Sylvia Fr\"uhwirth-Schnatter},
	Date-Added = {2010-03-05 15:42:33 +0100},
	Date-Modified = {2010-03-10 16:56:43 +0100},
	Publisher = {Springer},
	Series = {Springer Series in Statistics},
	Title = {Finite Mixture and Markov Switching Models},
	Year = {2006}}

@article{Dannemann2007,
	Author = {J. R. N. Dannemann and Hajo Holzmann},
	Date-Added = {2010-03-05 15:42:18 +0100},
	Date-Modified = {2010-03-05 15:42:18 +0100},
	Journal = {Scandinavian Journal of Statistics},
	Number = {2},
	Pages = {309-321},
	Title = {Likelihood Ratio Testing for Hidden Markov Models Under Non-standard Conditions},
	Volume = {25},
	Year = {2007},
	Bdsk-File-1 = {YnBsaXN0MDDUAQIDBAUGCQpYJHZlcnNpb25UJHRvcFkkYXJjaGl2ZXJYJG9iamVjdHMSAAGGoNEHCFRyb290gAFfEA9OU0tleWVkQXJjaGl2ZXKoCwwXGBkdJCVVJG51bGzTDQ4PEBEUViRjbGFzc1dOUy5rZXlzWk5TLm9iamVjdHOAB6ISE4ACgAOiFRaABIAGWWFsaWFzRGF0YVxyZWxhdGl2ZVBhdGjSDRobHFdOUy5kYXRhgAVPEQHMAAAAAAHMAAIAAApIRCBVMDE2OTYzAAAAAAAAAAAAAAAAAAAAAADFQKHgSCsAAABeXUIRREFOTkVNQU5OMjAwNy5wZGYAAAAAAAAAAAAAAAAAAAAAAAAAAAAAAAAAAAAAAAAAAAAAAAAAAAAAAAAAAAAAAGmq58aCUIIAAAAAAAAAAAAFAAMAAAkgAAAAAAAAAAAAAAAAAAAACmxpdGVyYXR1cmUAEAAIAADFQJPQAAAAEQAIAADGgjRiAAAAAQAYAF5dQgBeXJIAHLEcAByLEgAcd0gADoovAAIAUkhEIFUwMTY5NjM6VXNlcnM6aXZpc3NlcjE6RG9jdW1lbnRzOnByb2plY3RzOmRlcG1peGVuOmxpdGVyYXR1cmU6REFOTkVNQU5OMjAwNy5wZGYADgAkABEARABBAE4ATgBFAE0AQQBOAE4AMgAwADAANwAuAHAAZABmAA8AFgAKAEgARAAgAFUAMAAxADYAOQA2ADMAEgBHVXNlcnMvaXZpc3NlcjEvRG9jdW1lbnRzL3Byb2plY3RzL2RlcG1peGVuL2xpdGVyYXR1cmUvREFOTkVNQU5OMjAwNy5wZGYAABMAAS8AABUAAgAP//8AANIeHyAhWCRjbGFzc2VzWiRjbGFzc25hbWWjISIjXU5TTXV0YWJsZURhdGFWTlNEYXRhWE5TT2JqZWN0XxA0Li4vLi4vLi4vLi4vLi4vZGVwbWl4ZW4vbGl0ZXJhdHVyZS9EQU5ORU1BTk4yMDA3LnBkZtIeHyYnoicjXE5TRGljdGlvbmFyeQAIABEAGgAfACkAMgA3ADoAPwBBAFMAXABiAGkAcAB4AIMAhQCIAIoAjACPAJEAkwCdAKoArwC3ALkCiQKOApcCogKmArQCuwLEAvsDAAMDAAAAAAAAAgEAAAAAAAAAKAAAAAAAAAAAAAAAAAAAAxA=}}

@article{Chung2007,
	Author = {Hwan Chung and Theodore Walls and Yousung Park},
	Date-Added = {2010-03-05 15:42:07 +0100},
	Date-Modified = {2010-03-05 15:42:07 +0100},
	Journal = {Psychometrika},
	Month = {September},
	Number = {3},
	Pages = {413-435},
	Title = {A Latent Transition Model With Logistic Regression},
	Url = {http://ideas.repec.org/a/spr/psycho/v72y2007i3p413-435.html},
	Volume = {72},
	Year = 2007,
	Bdsk-File-1 = {YnBsaXN0MDDUAQIDBAUGCQpYJHZlcnNpb25UJHRvcFkkYXJjaGl2ZXJYJG9iamVjdHMSAAGGoNEHCFRyb290gAFfEA9OU0tleWVkQXJjaGl2ZXKoCwwXGBkdJCVVJG51bGzTDQ4PEBEUViRjbGFzc1dOUy5rZXlzWk5TLm9iamVjdHOAB6ISE4ACgAOiFRaABIAGWWFsaWFzRGF0YVxyZWxhdGl2ZVBhdGjSDRobHFdOUy5kYXRhgAVPEQG8AAAAAAG8AAIAAApIRCBVMDE2OTYzAAAAAAAAAAAAAAAAAAAAAADFQKHgSCsAAABeXUINQ2h1bmcyMDA3LnBkZgAAAAAAAAAAAAAAAAAAAAAAAAAAAAAAAAAAAAAAAAAAAAAAAAAAAAAAAAAAAAAAAAAAAGmhgMaCOQwAAAAAAAAAAAAFAAMAAAkgAAAAAAAAAAAAAAAAAAAACmxpdGVyYXR1cmUAEAAIAADFQJPQAAAAEQAIAADGghzsAAAAAQAYAF5dQgBeXJIAHLEcAByLEgAcd0gADoovAAIATkhEIFUwMTY5NjM6VXNlcnM6aXZpc3NlcjE6RG9jdW1lbnRzOnByb2plY3RzOmRlcG1peGVuOmxpdGVyYXR1cmU6Q2h1bmcyMDA3LnBkZgAOABwADQBDAGgAdQBuAGcAMgAwADAANwAuAHAAZABmAA8AFgAKAEgARAAgAFUAMAAxADYAOQA2ADMAEgBDVXNlcnMvaXZpc3NlcjEvRG9jdW1lbnRzL3Byb2plY3RzL2RlcG1peGVuL2xpdGVyYXR1cmUvQ2h1bmcyMDA3LnBkZgAAEwABLwAAFQACAA///wAA0h4fICFYJGNsYXNzZXNaJGNsYXNzbmFtZaMhIiNdTlNNdXRhYmxlRGF0YVZOU0RhdGFYTlNPYmplY3RfEDAuLi8uLi8uLi8uLi8uLi9kZXBtaXhlbi9saXRlcmF0dXJlL0NodW5nMjAwNy5wZGbSHh8mJ6InI1xOU0RpY3Rpb25hcnkACAARABoAHwApADIANwA6AD8AQQBTAFwAYgBpAHAAeACDAIUAiACKAIwAjwCRAJMAnQCqAK8AtwC5AnkCfgKHApIClgKkAqsCtALnAuwC7wAAAAAAAAIBAAAAAAAAACgAAAAAAAAAAAAAAAAAAAL8}}

@book{Cappe2005,
	Address = {New York},
	Author = {Oliver Cappe and Eric Moulines and Tobias Ryden},
	Date-Added = {2010-03-05 15:41:55 +0100},
	Date-Modified = {2010-03-05 15:41:55 +0100},
	Publisher = {Springer},
	Series = {Springer Series in Statistics},
	Title = {Inference in Hidden Markov Models},
	Year = {2005}}

@article{Baum1966,
	Author = {L. E. Baum and T. Petrie},
	Date-Added = {2010-03-05 15:41:40 +0100},
	Date-Modified = {2010-06-30 16:30:30 +0200},
	Journal = {Annals of Mathematical Statistics},
	Keywords = {hidden markov model},
	Pages = {1554--40},
	Title = {Statistical Inference for Probabilistic Functions of Finite State {M}arkov Chains},
	Volume = 67,
	Year = 1966}

@article{Rabiner1989,
	Author = {Lawrence R. Rabiner},
	Date-Added = {2010-03-05 15:40:56 +0100},
	Date-Modified = {2010-06-30 16:33:50 +0200},
	Journal = {Proceedings of IEEE},
	Number = 2,
	Pages = {267--295},
	Title = {A Tutorial on Hidden {M}arkov Models and Selected Applications in Speech Recognition},
	Volume = {77},
	Year = 1989}

@book{Agresti2002,
	Address = {Hoboken, NJ},
	Author = {Alan Agresti},
	Date-Added = {2010-03-05 15:40:25 +0100},
	Date-Modified = {2010-07-01 14:25:31 +0200},
	Edition = {2},
	Publisher = {Wiley-Interscience},
	Series = {Wiley Series in Probability and Mathematical Statistics},
	Title = {Categorical Data Analysis},
	Year = {2002}}

@article{Schmittmann2006,
	Author = {Verena D. Schmittmann and Ingmar Visser and Maartje E. J. Raijmakers},
	Date-Added = {2010-03-05 15:39:23 +0100},
	Date-Modified = {2010-06-30 16:35:25 +0200},
	Journal = {Neuropsychologia},
	Number = 11,
	Pages = {2079--2091},
	Title = {Multiple Learning Modes in the Development of Rule-based Category-learning Task Performance},
	Volume = 44,
	Year = 2006,
	Bdsk-File-1 = {YnBsaXN0MDDUAQIDBAUGCQpYJHZlcnNpb25UJHRvcFkkYXJjaGl2ZXJYJG9iamVjdHMSAAGGoNEHCFRyb290gAFfEA9OU0tleWVkQXJjaGl2ZXKoCwwXGBkdJCVVJG51bGzTDQ4PEBEUViRjbGFzc1dOUy5rZXlzWk5TLm9iamVjdHOAB6ISE4ACgAOiFRaABIAGWWFsaWFzRGF0YVxyZWxhdGl2ZVBhdGjSDRobHFdOUy5kYXRhgAVPEQG2AAAAAAG2AAIAAApIRCBVMDE2OTYzAAAAAAAAAAAAAAAAAAAAAADFQKHgSCsAAAAcqkUTU2NobWl0dG1hbm4yMDA2LnBkZgAAAAAAAAAAAAAAAAAAAAAAAAAAAAAAAAAAAAAAAAAAAAAAAAAAAAAAAAAAAByqVsD/qhkAAAAAAAAAAAAGAAMAAAkgAAAAAAAAAAAAAAAAAAAABkluZ21hcgAQAAgAAMVAk9AAAAARAAgAAMD/jfkAAAABABQAHKpFAByolgAcixIAHHdIAA6KLwACAElIRCBVMDE2OTYzOlVzZXJzOml2aXNzZXIxOkRvY3VtZW50czpMaXRlcmF0dXJlOkluZ21hcjpTY2htaXR0bWFubjIwMDYucGRmAAAOACgAEwBTAGMAaABtAGkAdAB0AG0AYQBuAG4AMgAwADAANgAuAHAAZABmAA8AFgAKAEgARAAgAFUAMAAxADYAOQA2ADMAEgA+VXNlcnMvaXZpc3NlcjEvRG9jdW1lbnRzL0xpdGVyYXR1cmUvSW5nbWFyL1NjaG1pdHRtYW5uMjAwNi5wZGYAEwABLwAAFQACAA///wAA0h4fICFYJGNsYXNzZXNaJGNsYXNzbmFtZaMhIiNdTlNNdXRhYmxlRGF0YVZOU0RhdGFYTlNPYmplY3RfEDcuLi8uLi8uLi8uLi8uLi8uLi9MaXRlcmF0dXJlL0luZ21hci9TY2htaXR0bWFubjIwMDYucGRm0h4fJieiJyNcTlNEaWN0aW9uYXJ5AAgAEQAaAB8AKQAyADcAOgA/AEEAUwBcAGIAaQBwAHgAgwCFAIgAigCMAI8AkQCTAJ0AqgCvALcAuQJzAngCgQKMApACngKlAq4C6ALtAvAAAAAAAAACAQAAAAAAAAAoAAAAAAAAAAAAAAAAAAAC/Q==}}

@incollection{Visser2009b,
	Address = {New York},
	Author = {Ingmar Visser and Maartje E. J. Raijmakers and Han L. J. {Van der Maas}},
	Booktitle = {Dynamic Process Methodology in the Social and Developmental Sciences},
	Chapter = {13},
	Date-Added = {2010-03-05 15:39:04 +0100},
	Date-Modified = {2010-03-05 15:39:04 +0100},
	Editor = {Jaan Valsiner and Peter C. M. Molenaar and Maria C. D. P. Lyra and Nandita Chaudhary},
	Pages = {269-289},
	Publisher = {Springer},
	Title = {Hidden Markov Models for Individual Time Series},
	Year = {2009},
	Bdsk-File-1 = {YnBsaXN0MDDUAQIDBAUGCQpYJHZlcnNpb25UJHRvcFkkYXJjaGl2ZXJYJG9iamVjdHMSAAGGoNEHCFRyb290gAFfEA9OU0tleWVkQXJjaGl2ZXKoCwwXGBkdJCVVJG51bGzTDQ4PEBEUViRjbGFzc1dOUy5rZXlzWk5TLm9iamVjdHOAB6ISE4ACgAOiFRaABIAGWWFsaWFzRGF0YVxyZWxhdGl2ZVBhdGjSDRobHFdOUy5kYXRhgAVPEQGmAAAAAAGmAAIAAApIRCBVMDE2OTYzAAAAAAAAAAAAAAAAAAAAAADFQKHgSCsAAAAcqkUPVmlzc2VyMjAwOWIucGRmAAAAAAAAAAAAAAAAAAAAAAAAAAAAAAAAAAAAAAAAAAAAAAAAAAAAAAAAAAAAAAAAAHrMDMeN6pcAAAAAAAAAAAAGAAMAAAkgAAAAAAAAAAAAAAAAAAAABkluZ21hcgAQAAgAAMVAk9AAAAARAAgAAMeN3IcAAAABABQAHKpFAByolgAcixIAHHdIAA6KLwACAEVIRCBVMDE2OTYzOlVzZXJzOml2aXNzZXIxOkRvY3VtZW50czpMaXRlcmF0dXJlOkluZ21hcjpWaXNzZXIyMDA5Yi5wZGYAAA4AIAAPAFYAaQBzAHMAZQByADIAMAAwADkAYgAuAHAAZABmAA8AFgAKAEgARAAgAFUAMAAxADYAOQA2ADMAEgA6VXNlcnMvaXZpc3NlcjEvRG9jdW1lbnRzL0xpdGVyYXR1cmUvSW5nbWFyL1Zpc3NlcjIwMDliLnBkZgATAAEvAAAVAAIAD///AADSHh8gIVgkY2xhc3Nlc1okY2xhc3NuYW1loyEiI11OU011dGFibGVEYXRhVk5TRGF0YVhOU09iamVjdF8QMy4uLy4uLy4uLy4uLy4uLy4uL0xpdGVyYXR1cmUvSW5nbWFyL1Zpc3NlcjIwMDliLnBkZtIeHyYnoicjXE5TRGljdGlvbmFyeQAIABEAGgAfACkAMgA3ADoAPwBBAFMAXABiAGkAcAB4AIMAhQCIAIoAjACPAJEAkwCdAKoArwC3ALkCYwJoAnECfAKAAo4ClQKeAtQC2QLcAAAAAAAAAgEAAAAAAAAAKAAAAAAAAAAAAAAAAAAAAuk=}}

@article{Dutilh2010,
	Author = {Gilles Dutilh and Eric--Jan Wagenmakers and Ingmar Visser and Han L. J. van der Maas},
	Date-Added = {2010-03-05 15:38:51 +0100},
	Date-Modified = {2010-03-05 15:38:51 +0100},
	Journal = {Submitted for publication},
	Title = {A Phase Transition Model for the Speed--Accuracy Trade--Off in Response Time Experiments},
	Year = {2010}}
