%% This BibTeX bibliography file was created using BibDesk.
%% http://bibdesk.sourceforge.net/


%% Created for Ingmar Visser at 2009-07-15 11:37:33 +0200 


%% Saved with string encoding Unicode (UTF-8) 



@article{Dutilh2009,
	Author = {Gilles Dutilh and Ingmar Visser and Eric-Jan Wagenmakers and Han L. J. {Van der Maas}},
	Date-Added = {2009-07-13 15:17:42 +0200},
	Date-Modified = {2009-07-15 11:33:51 +0200},
	Journal = {Manuscript in preparation},
	Title = {A Phase Transition Model for the Speed-Accuracy Trade-Off in Response Time Experiments.},
	Year = {2009},
	Bdsk-File-1 = {YnBsaXN0MDDUAQIDBAUGCQpYJHZlcnNpb25UJHRvcFkkYXJjaGl2ZXJYJG9iamVjdHMSAAGGoNEHCFRyb290gAFfEA9OU0tleWVkQXJjaGl2ZXKoCwwXGBkdJCVVJG51bGzTDQ4PEBEUViRjbGFzc1dOUy5rZXlzWk5TLm9iamVjdHOAB6ISE4ACgAOiFRaABIAGWWFsaWFzRGF0YVxyZWxhdGl2ZVBhdGjSDRobHFdOUy5kYXRhgAVPEQG+AAAAAAG+AAIAAApIRCBVMDE2OTYzAAAAAAAAAAAAAAAAAAAAAADFQKHgSCsAAABeXUIORHV0aWxoMjAwOS5wZGYAAAAAAAAAAAAAAAAAAAAAAAAAAAAAAAAAAAAAAAAAAAAAAAAAAAAAAAAAAAAAAAAAAGmjusaCO2UAAAAAAAAAAAAGAAQAAAkgAAAAAAAAAAAAAAAAAAAACmxpdGVyYXR1cmUAEAAIAADFQJPQAAAAEQAIAADGgh9FAAAAAQAYAF5dQgBeXJIARSHjAByLEgAcd0gADoovAAIATkhEIFUwMTY5NjM6VXNlcnM6aXZpc3NlcjE6RG9jdW1lbnRzOkRyb3Bib3g6ZGVwbWl4ZW46bGl0ZXJhdHVyZTpEdXRpbGgyMDA5LnBkZgAOAB4ADgBEAHUAdABpAGwAaAAyADAAMAA5AC4AcABkAGYADwAWAAoASABEACAAVQAwADEANgA5ADYAMwASAENVc2Vycy9pdmlzc2VyMS9Eb2N1bWVudHMvRHJvcGJveC9kZXBtaXhlbi9saXRlcmF0dXJlL0R1dGlsaDIwMDkucGRmAAATAAEvAAAVAAIAD///AADSHh8gIVgkY2xhc3Nlc1okY2xhc3NuYW1loyEiI11OU011dGFibGVEYXRhVk5TRGF0YVhOU09iamVjdF8QPC4uLy4uLy4uLy4uLy4uLy4uL0Ryb3Bib3gvZGVwbWl4ZW4vbGl0ZXJhdHVyZS9EdXRpbGgyMDA5LnBkZtIeHyYnoicjXE5TRGljdGlvbmFyeQAIABEAGgAfACkAMgA3ADoAPwBBAFMAXABiAGkAcAB4AIMAhQCIAIoAjACPAJEAkwCdAKoArwC3ALkCewKAAokClAKYAqYCrQK2AvUC+gL9AAAAAAAAAgEAAAAAAAAAKAAAAAAAAAAAAAAAAAAAAwo=}}

@article{RaijmakersREVISIONA,
	Author = {Maartje E. J. Raijmakers and Catriona M. E. Ryan and Andy J. Wills and Stephen E. G. Lea and Ingmar Visser},
	Date-Added = {2009-02-16 14:31:48 +0100},
	Date-Modified = {2009-02-16 14:33:58 +0100},
	Journal = {In revision},
	Title = {A comparative study of the influence of stimulus similarity on category learning in pigeons and human adults},
	Year = {2009}}

@article{VisserREVISIONA,
	Author = {Ingmar Visser and Maartje E. J. Raijmakers},
	Date-Added = {2009-02-16 14:31:25 +0100},
	Date-Modified = {2009-02-16 14:32:42 +0100},
	Journal = {In revision},
	Title = {The development of exemplar based and rule based representations of compound stimuli in school-aged children},
	Year = {2009}}

@article{Pronk2009,
	Author = {Thomas Pronk and Ingmar Visser},
	Date-Added = {2009-02-16 14:29:35 +0100},
	Date-Modified = {2009-02-16 14:31:02 +0100},
	Journal = {Submitted},
	Title = {The role of reversal frequency in learning noisy second order conditional sequences},
	Year = {2009}}

@incollection{Visser2009d,
	Author = {Ingmar Visser and Brenda R. J. Jansen and Maarten Speekenbrink},
	Booktitle = {Individual Pathways of Change},
	Date-Added = {2009-02-16 14:18:23 +0100},
	Date-Modified = {2009-02-16 14:23:31 +0100},
	Editor = {Karl M. Newell and Peter C. M. Molenaar},
	Publisher = {APA},
	Title = {A Framework for Discrete Change},
	Year = {2009}}

@article{Huizenga2009,
	Author = {Hilde M. Huizenga and Ingmar Visser and Conor V. Dolan},
	Date-Added = {2008-12-05 15:04:15 +0100},
	Date-Modified = {2009-02-13 16:02:32 +0100},
	Journal = {Submitted},
	Keywords = {meta-analysis},
	Title = {Hypothesis testing in random effects meta-regression},
	Year = 2009}

@incollection{Visser2009c,
	Address = {New York},
	Author = {Ingmar Visser and Maartje E. J. Raijmakers and Han L. J. {Van der Maas}},
	Booktitle = {Dynamic Process Methodology in the Social and Developmental Sciences},
	Chapter = {13},
	Date-Added = {2008-12-05 13:07:06 +0100},
	Date-Modified = {2008-12-05 13:10:12 +0100},
	Editor = {Jaan Valsiner and Peter C. M. Molenaar and Maria C. D. P. Lyra and Nandita Chaudhary},
	Publisher = {Springer},
	Title = {Hidden Markov Models for Individual Time Series},
	Year = {2009}}

@incollection{Visser2009b,
	Author = {Ingmar Visser},
	Booktitle = {The Cambridge Encyclopedia of Language Sciences},
	Date-Added = {2008-08-12 15:31:35 +0200},
	Date-Modified = {2008-12-05 12:47:12 +0100},
	Editor = {Patrick Colm Hogan},
	Publisher = {Cambridge University Press},
	Title = {Methodological Solipsism},
	Year = {In press}}

@article{Borsboom2008,
	Author = {Denny Borsboom and Ingmar Visser},
	Date-Added = {2008-08-12 15:12:29 +0200},
	Date-Modified = {2009-01-13 12:42:49 +0100},
	Journal = {Behavioral and Brain Sciences},
	Number = {6},
	Pages = {714-715},
	Title = {Semantic cognition or datamining?},
	Volume = {31},
	Year = {2008}}

@manual{Visser2008a,
	Author = {Ingmar Visser and Maarten Speekenbrink},
	Date-Added = {2008-08-04 15:54:31 +0200},
	Date-Modified = {2008-12-05 12:48:50 +0100},
	Note = {R package version 0.2-0, available from CRAN},
	Title = {{depmixS4: S4 Classes for Hidden Markov Models}},
	Url = {http://cran.r-project.org},
	Year = {2008},
	Bdsk-Url-1 = {http://arumat.net/Rdonlp2/}}

@manual{Visser2008b,
	Author = {Ingmar Visser},
	Date-Added = {2008-08-04 15:52:25 +0200},
	Date-Modified = {2008-12-05 12:49:03 +0100},
	Note = {R package version 0.9.4, available from CRAN: http://cran.r-project.org},
	Title = {depmix: {A}n {R}-package for fitting mixtures of latent {M}arkov models on mixed data with covariates},
	Year = {2008}}

@article{Visser2009a,
	Author = {Ingmar Visser and Maartje E. J. Raijmakers and Emmanuel M. Pothos},
	Date-Added = {2008-04-11 10:53:24 +0200},
	Date-Modified = {2009-07-15 11:32:32 +0200},
	Journal = {American Journal of Psychology},
	Number = {3},
	Pages = {293--307},
	Title = {Individual Strategies in Artificial Grammar Learning},
	Volume = {122},
	Year = {2009},
	Bdsk-File-1 = {YnBsaXN0MDDUAQIDBAUGCQpYJHZlcnNpb25UJHRvcFkkYXJjaGl2ZXJYJG9iamVjdHMSAAGGoNEHCFRyb290gAFfEA9OU0tleWVkQXJjaGl2ZXKoCwwXGBkdJCVVJG51bGzTDQ4PEBEUViRjbGFzc1dOUy5rZXlzWk5TLm9iamVjdHOAB6ISE4ACgAOiFRaABIAGWWFsaWFzRGF0YVxyZWxhdGl2ZVBhdGjSDRobHFdOUy5kYXRhgAVPEQGmAAAAAAGmAAIAAApIRCBVMDE2OTYzAAAAAAAAAAAAAAAAAAAAAADFQKHgSCsAAAAcqkUPVmlzc2VyMjAwOWEucGRmAAAAAAAAAAAAAAAAAAAAAAAAAAAAAAAAAAAAAAAAAAAAAAAAAAAAAAAAAAAAAAAAAGomv8aDbi4AAAAAAAAAAAAGAAMAAAkgAAAAAAAAAAAAAAAAAAAABkluZ21hcgAQAAgAAMVAk9AAAAARAAgAAMaDUg4AAAABABQAHKpFAByolgAcixIAHHdIAA6KLwACAEVIRCBVMDE2OTYzOlVzZXJzOml2aXNzZXIxOkRvY3VtZW50czpMaXRlcmF0dXJlOkluZ21hcjpWaXNzZXIyMDA5YS5wZGYAAA4AIAAPAFYAaQBzAHMAZQByADIAMAAwADkAYQAuAHAAZABmAA8AFgAKAEgARAAgAFUAMAAxADYAOQA2ADMAEgA6VXNlcnMvaXZpc3NlcjEvRG9jdW1lbnRzL0xpdGVyYXR1cmUvSW5nbWFyL1Zpc3NlcjIwMDlhLnBkZgATAAEvAAAVAAIAD///AADSHh8gIVgkY2xhc3Nlc1okY2xhc3NuYW1loyEiI11OU011dGFibGVEYXRhVk5TRGF0YVhOU09iamVjdF8QMy4uLy4uLy4uLy4uLy4uLy4uL0xpdGVyYXR1cmUvSW5nbWFyL1Zpc3NlcjIwMDlhLnBkZtIeHyYnoicjXE5TRGljdGlvbmFyeQAIABEAGgAfACkAMgA3ADoAPwBBAFMAXABiAGkAcAB4AIMAhQCIAIoAjACPAJEAkwCdAKoArwC3ALkCYwJoAnECfAKAAo4ClQKeAtQC2QLcAAAAAAAAAgEAAAAAAAAAKAAAAAAAAAAAAAAAAAAAAuk=}}

@manual{Visser2005a,
	Author = {Ingmar Visser},
	Date-Added = {2008-03-21 15:25:59 +0100},
	Date-Modified = {2008-03-21 15:25:59 +0100},
	Journal = {Available from www.r-project.org},
	Title = {depmix 0.9: {A}n {R}-package for fitting mixtures of latent {M}arkov models on mixed data with covariates},
	Year = 2005}

@article{Visser2007c,
	Author = {Ingmar Visser},
	Date-Added = {2007-11-14 15:01:19 +0100},
	Date-Modified = {2009-07-15 11:36:43 +0200},
	Journal = {Kwantitatieve Methoden},
	Title = {Review of Rissanen: Information and Complexity in Statistical Modeling},
	Volume = {Online available from: http://www.vvs-or.nl/km.htm},
	Year = {2007}}

@inproceedings{Jansen2006,
	Address = {Mahwah (NJ)},
	Author = {Brenda R. J. Jansen and Maartje E. J. Raijmakers and Ingmar Visser},
	Booktitle = {Proceedings of {T}he 28th {A}nnual {C}onference of the {C}ognitive {S}cience {S}ociety},
	Date-Added = {2007-11-14 14:57:08 +0100},
	Date-Modified = {2007-11-14 14:58:11 +0100},
	Editor = {Ron Sun},
	Pages = {2517},
	Publisher = {Lawrence Erlbaum Associates},
	Title = {Learning on the Balance Scale Task},
	Year = 2006}

@article{Jansen2007,
	Author = {Brenda R. J. Jansen and Maartje E. J. Raijmakers and Ingmar Visser},
	Date-Added = {2006-09-06 15:59:18 +0200},
	Date-Modified = {2007-11-14 14:54:45 +0100},
	Journal = {Synthese},
	Number = {2},
	Pages = {211-236},
	Title = {RULE TRANSITION ON THE BALANCE SCALE TASK: A CASE STUDY IN BELIEF CHANGE},
	Volume = {155},
	Year = {2007}}

@article{Visser2007b,
	Author = {Ingmar Visser and Maartje E. J. Raijmakers and Peter C. M. Molenaar},
	Date-Modified = {2007-11-14 15:11:29 +0100},
	Journal = {Memory \& Cognition},
	Number = {6},
	Pages = {1502-1517},
	Title = {Characterizing Sequence Knowledge Using Online Measures and Hidden Markov Models},
	Volume = {35},
	Year = {2007}}

@incollection{Visser2007a,
	Author = {Ingmar Visser and Verena D. Schmittmann and Maartje E. J. Raijmakers},
	Chapter = {14},
	Crossref = {Montfort2007},
	Date-Modified = {2007-01-26 13:28:46 +0100},
	Pages = {337--365},
	Title = {Markov process models for discrimination learning},
	Year = {2007}}

@book{Montfort2007,
	Address = {Mahwah (NJ)},
	Author = {Kees van Montfort and Han Oud and Albert Satorra},
	Booktitle = {Longitudinal models in the behavioral and related sciences},
	Date-Modified = {2007-01-26 13:26:15 +0100},
	Editor = {Kees van Montfort and Han Oud and Albert Satorra},
	Publisher = {Lawrence Erlbaum Associates},
	Title = {Longitudinal models in the behavioral and related sciences},
	Year = 2007}

@article{Schmittmann2006,
	Author = {Verena D. Schmittmann and Ingmar Visser and Maartje E. J. Raijmakers},
	Journal = {Neuropsychologia},
	Number = 11,
	Pages = {2079--2091},
	Title = {Multiple learning modes in the development of rule-based category-learning task performance},
	Volume = 44,
	Year = 2006}

@inproceedings{Visser2006a,
	Address = {Mahwah (NJ)},
	Author = {Ingmar Visser and Ton Blaazer},
	Booktitle = {Proceedings of {T}he 28th {A}nnual {C}onference of the {C}ognitive {S}cience {S}ociety},
	Date-Modified = {2007-01-12 12:31:42 +0100},
	Editor = {Ron Sun},
	Pages = {2317--2322},
	Publisher = {Lawrence Erlbaum Associates},
	Title = {Estimating Correlations and Reliabilities of Implicit and Explicit Tests Using a Latent Variable Approach},
	Year = 2006}

@article{Maas2005,
	Author = {Han L. J. van der Maas and Maartje E. J. Raijmakers and Ingmar Visser},
	Journal = {Behavior Research Methods},
	Number = 2,
	Pages = {340--352},
	Title = {Inferring the structure of latent class models using a genetic algorithm},
	Volume = 37,
	Year = 2005}

@article{Visser2002,
	Author = {Ingmar Visser and Maartje E. J. Raijmakers and Peter C. M. Molenaar},
	Journal = {Scientific Programming},
	Number = 3,
	Pages = {185--199},
	Title = {Fitting hidden Markov models to psychological data},
	Volume = {10},
	Year = 2002}

@inproceedings{Visser2001,
	Author = {Ingmar Visser and Maartje E. J. Raijmakers and Peter C. M. Molenaar},
	Booktitle = {Connectionist models of Learning, Development and Evolution. The 6th Neural Computation and Psychology Workshop (NCPW6)},
	Editor = {Robert M. French and Jacques P. Sougn\'{e}},
	Pages = {197--206},
	Publisher = {Springer-Verlag},
	Title = {Hidden {M}arkov model interpretations of neural networks},
	Year = {2001}}

@article{Visser2000b,
	Author = {Ingmar Visser},
	Date-Modified = {2006-08-28 15:12:21 +0200},
	Journal = {Behavioral and Brain Sciences},
	Keywords = {hidden markov model},
	Note = {Commentary on {\em Connectionist modelling in psychology: {A} localist manifesto}, by Mike Page},
	Number = 4,
	Pages = {494--495},
	Title = {Hidden {M}arkov model interpretations of neural networks},
	Volume = {23},
	Year = {2000}}

@inproceedings{Visser2000a,
	Address = {Mahwah (NJ)},
	Author = {Ingmar Visser and Maartje E. J. Raijmakers and Peter C. M. Molenaar},
	Booktitle = {Proceedings of the twenty-second annual conference of the {C}ognitive {S}cience {S}ociety},
	Editor = {Lila A. Gleitman and Aravind K. Joshi},
	Pages = {971--976},
	Publisher = {Lawrence Erlbaum Associates},
	Title = {Reaction times and predictions in sequence learning: {A} comparison},
	Year = 2000}

@article{Visser2000c,
	Author = {Ingmar Visser and Maartje E. J. Raijmakers and Peter C. M. Molenaar},
	Journal = {British journal of mathematical and statistical psychology},
	Pages = {317--327},
	Title = {Confidence intervals for hidden {M}arkov model parameters},
	Volume = {53},
	Year = {2000}}

@techreport{Visser1999a,
	Author = {Ingmar Visser and Maartje E. J. Raijmakers and Peter C. M. Molenaar},
	Institution = {University of Amsterdam: Department of Psychology, Developmental Psychology},
	Number = {99--01},
	Title = {Confidence intervals for hidden {M}arkov model parameters},
	Year = 1999}

@techreport{Visser1999b,
	Author = {Ingmar Visser and Maartje E. J. Raijmakers and Peter C. M. Molenaar},
	Institution = {University of Amsterdam: Department of Psychology, Developmental Psychology},
	Number = {99--02},
	Title = {Predictions and reaction times in implicit sequence learning},
	Year = 1999}

@inproceedings{Visser1998,
	Author = {Ingmar Visser and Maartje E. J. Raijmakers and Peter C. M. Molenaar},
	Booktitle = {Proceedings of the International Workshop on Advanced Black-Box Techniques for Nonlinear Modeling},
	Pages = {47--50},
	Publisher = {Leuven: Katholieke Universiteit Leuven},
	Title = {Statistical properties of hidden {M}arkov models},
	Year = 1998}

@techreport{Visser1996,
	Author = {Ingmar Visser},
	Institution = {Amsterdam: Institute for Logic, Language and Computation},
	Number = {X--96--01},
	Title = {Mind Rules: a philosophical essay on psychological rules and the the rules of psychology},
	Year = 1996}
